@book{Java,
  Author = {William Loftus John Lewis},
  Title = {Java Software Solutions Foundations of Program Design},
  Publisher = {Pearson},
  Year = {2011},
  ISBN = {0273751476},
  %URL = {http://www.amazon.com/Software-Solutions-Foundations-Program-Design/dp/0273751476%3FSubscriptionId%3D0JYN1NVW651KCA56C102%26tag%3Dtechkie-20%26linkCode%3Dxm2%26camp%3D2025%26creative%3D165953%26creativeASIN%3D0273751476}
}
@book{Larman,
  Author = {Craig Larman},
  Title = {Applying UML and Patterns: An Introduction to Object-Oriented Analysis and Design and Iterative Development (3rd Edition)},
  Publisher = {Prentice Hall},
  Year = {2004},
  ISBN = {0131489062},
  %URL = {http://www.amazon.com/Applying-UML-Patterns-Introduction-Object-Oriented/dp/0131489062%3FSubscriptionId%3D0JYN1NVW651KCA56C102%26tag%3Dtechkie-20%26linkCode%3Dxm2%26camp%3D2025%26creative%3D165953%26creativeASIN%3D0131489062}
}
@online{ Wiki,
   author = "Wikipedia",
   title = "GRASP --- Wikipedia{,} The Free Encyclopedia",
   year = "2013",
   url = "\url{http://en.wikipedia.org/wiki/GRASP\_(object-oriented\_design)}",
   note = "[Online; accessed 16-November-2013]"
 }
 @misc{grp19,
  title = {19_del1},
  author = {Gruppe 19},
  organization = {DTU},
  year = {2013},
  month = {10}
}
 @misc{grp19,
  title = {19_del2},
  author = {Gruppe 19},
  organization = {DTU},
  year = {2013},
  month = {11}
}